@article{real_energy_spectrum,
    author = "R. A. Mewaldt and C. M. S. Cohen and A. W. Labrador and R. A. Leske and G. M. Mason and M. I. Desai and M. D. Looper and J. E. Mazur and R. S. Selesnick and D. K. Haggerty",
    title = "Proton, helium, and electron spectra during the large solar particle events of October–November 2003",
    journal = "Journal of geophysical research",
    year = "2005",
    langid = "english"
}


@book{sipm,
    author = "G. Lutz",
    title = "Semiconductor Radiation Detectors",
    publisher = "Springer",
    year = "1999",
    langid = "english"
}

@article{turchins_application,
    author = "M. Zelenyi and M. Poliakova and A. Nozik and A. Khudyakov",
    title = "Application of Turchin's method of statistical regularization",
    journal = "Proceedings of the XXI International Scientific Conference of Young Scientists and Specialists (Dubna, Russia)",
    year = "2017",
    langid = "english"
}

@article{turchin,
    author = "В. Ф. Турчин and В. З. Нозик",
    title = "Статистическая регуляризация решения некорректных задач",
    journal = "Физика атмосферы и океана",
    year = "1969",
    langid = "russian"
}

@article{turchin2,
    author = "В. Ф. Турчин",
    title = "Решение уравнения Фредгольма I рода в статистическом ансамбле гладких функций",
    journal = "Журнал вычислительной математики и матемамитеской физики",
    volume = "6",
    year = "1967",
    langid = "russian"
}

@article{tikhonov,
    author = "А. Н. Тихонов and В. Я. Арсенин",
    title = "Методы решения некорректных задач",
    journal = "Наука",
    year = "1979",
    langid = "russian"
}


@article{detector_construction,
    author = "М. Е. Зелёный and Е. М. Стадничук and А. А. Нозик and И. В. Зимовец and А. Г. Кудинов and И. К. Резников",
    title = "Проектирование детектора протонов и электронов для мониторинга солнечных космических лучей",
    journal = "Краткие сообщения по физике ФИАН",
    volume = "1",
    year = "2019",
    langid = "russian"
}

@book{grupen,
    author = "C. Grupen and B. Shwartz",
    title = "Particle Detectors",
    publisher = "Cambridge University Press",
    year = "2008",
    langid = "english"
}

@article{detector_construction2,
    author = "Е. М. Стадничук and М. Е. Зелёный  and И. В. Зимовец",
    title = "Проектирование детектора протонов и электронов для мониторинга солнечных космических лучей",
    year = "2020",
    langid = "russian"
}

@article{geant4,
    author = "S. Agostinelli and J. Allison and K. Amako",
    title = "GEANT4",
    journal = "Nuclear Instruments and Methods in Physics Research Section A: Accelerators, Spectrometers, Detectors and Associated Equipment",
    volume="506",
    issue="3",
    year = "2003",
    pages = "250--303",
    langid = "english"
}

@article{julia,
    title = "Julia: A Fresh Approach to Numerical Computing",
    author = "J. Bezanson and A. Edelman and S. Karpinski and V. B. Shah",
    journal = "SIAM REVIEW",
    volume = "59",
    number = "1",
    year = "2017",
    pages = "65--98",
    langid = "english"
}

@book{montecarlo_simple,
    author = "М. И. Соболь",
    title = "Метод Монте-Карло",
    publisher = "Наука",
    year = "1968",
    langid = "russian"
}

@article{bat,
    author = "A. Caldwell and O. Schulz and K. Kroeninger and C. Grunwald",
    title = "A Bayesian Analysis Toolkit in Julia",
    DOI = "https://doi.org/10.5281/zenodo.3568167",
    year = "2019",
    langid = "english"
}


@article{metropolis,
    author = "W. K. Hastings",
    title = "Monte Carlo sampling methods using Markov chains and their applications",
    journal = "Biometrika",
    vol = "25",
    year = "1970",
    langid = "english"
}


@article{hamiltonian_mc,
    author = "Kai Xu and Hong Ge and Will Tebbutt and Mohamed Tarek and Martin Trapp and Zoubin Ghahramani",
    title = "AdvancedHMC.jl: A robust, modular and efficient implementation of advanced HMC algorithms",
    journal = "2nd Symposium on Advances in Approximate Bayesian Inference",
    year = "2019",
    langid = "english"
}

@article{bragg,
    author = "Douglas J. Wagenaar",
    title = "The Bragg Curve",
    journal = "RADIATION PHYSICS PRINCIPLES",
    year = "1995",
    langid = "english"
}

@article{our_article,
    author = "Egor Stadnichuk and Tatyana Abramova and Mikhail Zelenyi and Alexander Izvestnyy and Alexander Nozik and Vladimir Palmin and Ivan Zimovets",
    title = "Prototype of a segmented scintillator detector for particle flux measurements on satellites",
    year = "2020",
    langid = "english"
}
